<?xml version="1.0" encoding="UTF-8"?><collection><record><leader>03380ntm a2200493 a 4500</leader><controlfield tag="001">002590519</controlfield><controlfield tag="003">MiAaHDL</controlfield><controlfield tag="005">20190719000000.0</controlfield><controlfield tag="006">m        d        </controlfield><controlfield tag="007">cr bn ---auaua</controlfield><controlfield tag="008">930119q17uu18uuxx            00||  ara d</controlfield><datafield tag="035" ind1=" " ind2=" "><subfield code="a">(MiU)002590519</subfield></datafield><datafield tag="035" ind1=" " ind2=" "><subfield code="a">sdr-miu002590519</subfield></datafield><datafield tag="035" ind1=" " ind2=" "><subfield code="a">(OCoLC)495216436</subfield></datafield><datafield tag="035" ind1=" " ind2=" "><subfield code="a">(RLIN)MIUH92-A65</subfield></datafield><datafield tag="040" ind1=" " ind2=" "><subfield code="a">MiU</subfield><subfield code="c">MiU</subfield><subfield code="e">appm</subfield><subfield code="d">MiU</subfield></datafield><datafield tag="100" ind1="1" ind2=" "><subfield code="6">880-01</subfield><subfield code="a">Marghīthī, Muḥammad ibn Saʻīd al-Sūsī,</subfield><subfield code="d">1598-1678.</subfield></datafield><datafield tag="240" ind1="1" ind2="0"><subfield code="6">880-02</subfield><subfield code="a">Mumtiʻ fī sharḥ rajaz al-muqniʻ fī ʻilm Abī Miqraʻ</subfield></datafield><datafield tag="245" ind1="1" ind2="0"><subfield code="6">880-03</subfield><subfield code="a">Hādhā kitāb Abū Miqraʻ al-Sūsī ʻalá al-tamām :</subfield><subfield code="k">manuscript,</subfield><subfield code="f">[late 18th or early 19th century?].</subfield></datafield><datafield tag="300" ind1=" " ind2=" "><subfield code="a">1</subfield><subfield code="f">v. ([215] p. on 56 lvs.) :</subfield><subfield code="b">ill. ;</subfield><subfield code="c">18 cm.</subfield></datafield><datafield tag="500" ind1=" " ind2=" "><subfield code="a">Watermark: Andrea Galvani of Pordenone. See Edward Heawood, Watermarks, Mainly of the 17th and 18th Centuries (Hilversum, 1950), p. 36 and no. 860.</subfield></datafield><datafield tag="500" ind1=" " ind2=" "><subfield code="a">Contains tables and diagrams.</subfield></datafield><datafield tag="500" ind1=" " ind2=" "><subfield code="a">Text rubricated; marginal corrections in hand of copyist; a few pp. are missing.</subfield></datafield><datafield tag="500" ind1=" " ind2=" "><subfield code="a">For another copy of this text see Mich. Isl. Ms. 739. For the Muqniʻ itself, see Mich. Isl. Ms. 795,11.</subfield></datafield><datafield tag="510" ind1="4" ind2=" "><subfield code="a">GAL,</subfield><subfield code="c">v. II, p. 615; GAL, Suppl. II, p. 707; King, Survey, p. 143.</subfield></datafield><datafield tag="520" ind1="8" ind2=" "><subfield code="a">Appended to this work beginning on p. [194], several other faṣls, beginning with one entitled faṣl fī maʻrifat istikhrāj darajat al-shams... and including several on different writing-systems (aqlām) for numbers.</subfield></datafield><datafield tag="520" ind1=" " ind2=" "><subfield code="a">Commentary by the author on "a poem on the methods of timekeeping used by Abī Miqraʻ." David A. King, A Survey of the Scientific Manuscripts in the Egyptian National Library (Winona Lake, 1986), p. 143.</subfield></datafield><datafield tag="538" ind1=" " ind2=" "><subfield code="a">Mode of access: Internet.</subfield></datafield><datafield tag="541" ind1=" " ind2=" "><subfield code="d">07/--/36</subfield><subfield code="3">Manuscript</subfield><subfield code="a">McGregor Fund</subfield><subfield code="c">Purchase, 1933/34</subfield><subfield code="h">12 p.t.</subfield></datafield><datafield tag="545" ind1=" " ind2=" "><subfield code="a">Moroccan mathematician and astronomer; born in Sūs, Morocco, studied in cities of Tāfilāt and Marrākush; became Ṣūfī ascetic.</subfield></datafield><datafield tag="561" ind1=" " ind2=" "><subfield code="a">Purchased in Cairo, 1933/34. Owner's mark: on p. [1], manuscript notes in handwriting of Max Meyerhof.</subfield></datafield><datafield tag="600" ind1="0" ind2="4"><subfield code="6">880-05</subfield><subfield code="a">Abū Miqraʻ al-Baṭṭūwī,</subfield><subfield code="d">ca. 1330.</subfield></datafield><datafield tag="600" ind1="1" ind2="4"><subfield code="6">880-04</subfield><subfield code="a">Marghīthī, Muḥammad ibn Saʻīd al-Sūsī,</subfield><subfield code="d">1598-1678.</subfield><subfield code="t">Muqniʻ fī ʻilm Abī Miqraʻ.</subfield></datafield><datafield tag="650" ind1=" " ind2="0"><subfield code="a">Horology</subfield><subfield code="y">Early works to 1800.</subfield></datafield><datafield tag="650" ind1=" " ind2="0"><subfield code="a">Astronomy, Arab</subfield><subfield code="y">Early works to 1800.</subfield></datafield><datafield tag="650" ind1=" " ind2="0"><subfield code="a">Manuscripts, Arabic</subfield><subfield code="z">Michigan</subfield><subfield code="z">Ann Arbor.</subfield></datafield><datafield tag="700" ind1="1" ind2=" "><subfield code="6">880-06</subfield><subfield code="a">Marghīthī, Muḥammad ibn Saʻīd al-Sūsī,</subfield><subfield code="d">1598-1678.</subfield><subfield code="t">Muqniʻ fī ʻilm Abī Miqraʻ.</subfield></datafield><datafield tag="700" ind1="1" ind2=" "><subfield code="a">Meyerhof, Max,</subfield><subfield code="d">1874-1945,</subfield><subfield code="e">former owner.</subfield></datafield><datafield tag="773" ind1="0" ind2=" "><subfield code="a">Tracy W. McGregor Collection of Arabic, Persian, and Turkish Mathematical and Astronomical Manuscripts.</subfield><subfield code="7">unbc</subfield><subfield code="w">(CStRLIN)MIUH92-A20.</subfield></datafield><datafield tag="880" ind1="0" ind2=" "><subfield code="6">700-06/</subfield><subfield code="a">محمد بن سعيد السوسي المرغيثي.</subfield><subfield code="t">مقنع في علم أبي مقرع.</subfield></datafield><datafield tag="880" ind1="0" ind2="4"><subfield code="6">600-05/</subfield><subfield code="a">أبو مقرع البطووي.</subfield></datafield><datafield tag="880" ind1="0" ind2="4"><subfield code="6">600-04/</subfield><subfield code="a">محمد بن سعيد السوسي المرغيثي.</subfield><subfield code="t">مقنع في علم أبي مقرع.</subfield></datafield><datafield tag="880" ind1="1" ind2="0"><subfield code="6">245-03/</subfield><subfield code="a">هذه كتاب أبو مقرع السوسي على التمام :</subfield><subfield code="k">manuscript،</subfield><subfield code="f">[اواخر القرن 18م أو اوائل القرن 19م؟].</subfield></datafield><datafield tag="880" ind1="1" ind2="0"><subfield code="6">240-02/</subfield><subfield code="a">ممتع في شرح رجز المقنع في علم أبي مقرع</subfield></datafield><datafield tag="880" ind1="0" ind2=" "><subfield code="6">100-01/</subfield><subfield code="a">محمد بن سعيد السوسي المرغيثي.</subfield></datafield><datafield tag="CID" ind1=" " ind2=" "><subfield code="a">002590519</subfield></datafield><datafield tag="DAT" ind1="0" ind2=" "><subfield code="a">20190719102632.0</subfield><subfield code="b">20190719000000.0</subfield></datafield><datafield tag="DAT" ind1="1" ind2=" "><subfield code="a">20190719090653.0</subfield><subfield code="b">2019-07-19T16:10:41Z</subfield></datafield><datafield tag="DAT" ind1="2" ind2=" "><subfield code="a">2015-10-02T18:00:03Z</subfield><subfield code="b">2014-03-05T21:00:03Z</subfield></datafield><datafield tag="CAT" ind1=" " ind2=" "><subfield code="a">SDR-MIU</subfield><subfield code="d">EX LIBRIS - ALEPH</subfield><subfield code="l">prepare.pl-004-008</subfield></datafield><datafield tag="FMT" ind1=" " ind2=" "><subfield code="a">BK</subfield></datafield><datafield tag="HOL" ind1=" " ind2=" "><subfield code="0">sdr-miu002590519</subfield><subfield code="a">MiU</subfield><subfield code="b">SDR</subfield><subfield code="c">MIU</subfield><subfield code="p">mdp.39015081447032</subfield><subfield code="s">MIU</subfield><subfield code="1">002590519</subfield></datafield><datafield tag="974" ind1=" " ind2=" "><subfield code="b">MIU</subfield><subfield code="c">MIU</subfield><subfield code="d">20190719</subfield><subfield code="s">lit-dlps-dc</subfield><subfield code="u">mdp.39015081447032</subfield><subfield code="y">1899</subfield><subfield code="r">pd</subfield><subfield code="q">exp</subfield></datafield></record></collection>